<?xml version="1.0" encoding="UTF-8"?><record xmlns="http://www.loc.gov/MARC21/slim" xmlns:cinclude="http://apache.org/cocoon/include/1.0" xmlns:zs="http://www.loc.gov/zing/srw/">
  <leader>00627cz  a2200157n  4500</leader>
  <controlfield tag="001">n 2004051371</controlfield>
  <controlfield tag="003">DLC</controlfield>
  <controlfield tag="005">20120815080703.0</controlfield>
  <controlfield tag="008">040301n| acannaabn          |a aaa      </controlfield>
  <datafield tag="010" ind1=" " ind2=" ">
    <subfield code="a">n 2004051371</subfield>
  </datafield>
  <datafield tag="040" ind1=" " ind2=" ">
    <subfield code="a">DLC</subfield>
    <subfield code="b">eng</subfield>
    <subfield code="c">DLC</subfield>
    <subfield code="d">DLC</subfield>
  </datafield>
  <datafield tag="100" ind1="1" ind2=" ">
    <subfield code="a">Tagore, Rabindranath,</subfield>
    <subfield code="d">1861-1941.</subfield>
    <subfield code="t">Bhānusiṃha Ṭhākurer padābalī.</subfield>
    <subfield code="l">English &amp; Bengali</subfield>
  </datafield>
  <datafield tag="400" ind1="1" ind2=" ">
    <subfield code="a">Tagore, Rabindranath,</subfield>
    <subfield code="d">1861-1941.</subfield>
    <subfield code="t">Lover of God</subfield>
  </datafield>
  <datafield tag="400" ind1="1" ind2=" ">
    <subfield code="a">Tagore, Rabindranath,</subfield>
    <subfield code="d">1861-1941.</subfield>
    <subfield code="t">Poems of sun lion</subfield>
  </datafield>
  <datafield tag="667" ind1=" " ind2=" ">
    <subfield code="a">THIS 1XX FIELD CANNOT BE USED UNDER RDA UNTIL THIS RECORD HAS BEEN REVIEWED AND/OR UPDATED</subfield>
  </datafield>
  <datafield tag="670" ind1=" " ind2=" ">
    <subfield code="a">Tagore, Rabindranath. The lover of God, 2003.</subfield>
  </datafield>
</record>